@InCollection{hart,
	author = {Sergiu Hart},
	title = "Games in Extensive and Strategic Forms",
	booktitle = {Handbook of Game Theory},
	publisher = {Elsevier Science Publishers B.V.},
	year = {1992},
	volume = {1},
	chapter = {2}
}

@Article{shannon,
	author = {Claude E. Shannon},
	title = {Programming a Computer for Playing Chess},
	journal = {Philosophical Magazine},
	year = {1950},
	volume = {41},
	number = {314},
	month = {March}
}

@Article{wiering,
	author = {author},
	title = {title},
	journal = {journal},
	year = {year},
	OPTkey = {key},
	OPTvolume = {volume},
	OPTnumber = {number},
	OPTpages = {pages},
	OPTmonth = {month},
	OPTnote = {note},
	OPTannote = {annote},
}
@online{bern,
	author = {Erik Bern},
	title = {title},
	date = {date},
	url = {url},
	OPTsubtitle = {subtitle},
	OPTtitleaddon = {titleaddon},
	OPTlanguage = {language},
	OPTversion = {version},
	OPTnote = {note},
	OPTorganization = {organization},
	OPTdate = {date},
	OPTmonth = {month},
	OPTyear = {year},
	OPTaddendum = {addendum},
	OPTpubstate = {pubstate},
	OPTurldate = {urldate},
}

@MastersThesis{lai,
	author = {Matthew Lai},
	title = {Giraffe: Using Deep Reinforcement Learning to Play Chess},
	school = {Imperial College of London},
	year = {2015},
	OPTkey = {key},
	OPTtype = {type},
	OPTaddress = {address},
	OPTmonth = {month},
	OPTnote = {note},
	OPTannote = {annote},
}

@online{tscp,
	author = {Tom Kerrigan},
	ALTeditor = {editor},
	title = {Tom Kerrigan's Home Page},
	date = {1997},
	url = {http://www.tckerrigan.com/Chess/TSCP/},
	OPTsubtitle = {subtitle},
	OPTtitleaddon = {titleaddon},
	OPTlanguage = {language},
	OPTversion = {version},
	OPTnote = {note},
	OPTorganization = {organization},
	OPTdate = {date},
	OPTmonth = {month},
	OPTyear = {year},
	OPTaddendum = {addendum},
	OPTpubstate = {pubstate},
	OPTurldate = {urldate},
}



